<record><leader>00000cas a2200000 i 4500</leader><controlfield tag="001">954476949</controlfield><controlfield tag="008">160802c201u9999cauer ne      0    0per c</controlfield><datafield ind1=" " ind2=" " tag="010"><subfield code="a">  2016223255</subfield></datafield><datafield ind1=" " ind2=" " tag="040"><subfield code="a">CLU</subfield><subfield code="b">eng</subfield><subfield code="e">rda</subfield><subfield code="c">CLU</subfield><subfield code="d">CLU</subfield><subfield code="d">OCLCF</subfield><subfield code="d">DLC</subfield><subfield code="d">OCL</subfield><subfield code="d">OCLCA</subfield></datafield><datafield ind1=" " ind2=" " tag="066"><subfield code="c">(3</subfield></datafield><datafield ind1=" " ind2=" " tag="042"><subfield code="a">pcc</subfield></datafield><datafield ind1=" " ind2=" " tag="043"><subfield code="a">a-ir---</subfield></datafield><datafield ind1="0" ind2="0" tag="050"><subfield code="a">UNCLASSED</subfield></datafield><datafield ind1="0" ind2=" " tag="130"><subfield code="6">880-01</subfield><subfield code="a">I&#772;ra&#772;n&#697;mihr (Sterling, Va.)</subfield></datafield><datafield ind1="1" ind2="0" tag="245"><subfield code="6">880-02</subfield><subfield code="a">I&#772;ra&#772;n&#697;mihr.</subfield></datafield><datafield ind1="1" ind2="1" tag="246"><subfield code="a">IranMehr</subfield></datafield><datafield ind1="1" ind2=" " tag="246"><subfield code="a">Iran mehr</subfield></datafield><datafield ind1=" " ind2="1" tag="264"><subfield code="6">880-03</subfield><subfield code="3">&lt;October 2, 2014-August 21, 2015&gt;:</subfield><subfield code="a">Sterling, VA :</subfield><subfield code="b">I&#772;ra&#772;n&#697;mihr</subfield></datafield><datafield ind1="3" ind2="1" tag="264"><subfield code="6">880-04</subfield><subfield code="3">&lt;July 29, 2016-&gt; :</subfield><subfield code="a">Irvine, CA :</subfield><subfield code="b">I&#772;ra&#772;n&#697;mihr</subfield></datafield><datafield ind1=" " ind2=" " tag="300"><subfield code="a">volumes :</subfield><subfield code="b">illustrations ;</subfield><subfield code="c">35-36 cm</subfield></datafield><datafield ind1=" " ind2=" " tag="310"><subfield code="a">Biweekly</subfield></datafield><datafield ind1=" " ind2=" " tag="336"><subfield code="a">text</subfield><subfield code="b">txt</subfield><subfield code="2">rdacontent</subfield></datafield><datafield ind1=" " ind2=" " tag="337"><subfield code="a">unmediated</subfield><subfield code="b">n</subfield><subfield code="2">rdamedia</subfield></datafield><datafield ind1=" " ind2=" " tag="338"><subfield code="a">volume</subfield><subfield code="b">nc</subfield><subfield code="2">rdacarrier</subfield></datafield><datafield ind1=" " ind2=" " tag="588"><subfield code="a">Description based on: Sa&#772;l 1, shuma&#772;rah-i 33 (11 Mihr 1393 [October 2, 2014]); title from caption.</subfield></datafield><datafield ind1=" " ind2=" " tag="588"><subfield code="a">Latest issue consulted: Sa&#772;l 4., shuma&#772;rah-i 90 (4 Farvardi&#772;n ma&#772;h 1396 [March 24, 2017]).</subfield></datafield><datafield ind1=" " ind2="0" tag="651"><subfield code="a">Iran</subfield><subfield code="v">Newspapers.</subfield></datafield><datafield ind1=" " ind2="0" tag="650"><subfield code="a">Iranians</subfield><subfield code="z">California</subfield><subfield code="z">Orange County</subfield><subfield code="v">Periodicals.</subfield></datafield><datafield ind1=" " ind2="0" tag="650"><subfield code="a">Iranian Americans</subfield><subfield code="z">California</subfield><subfield code="z">Orange County</subfield><subfield code="v">Periodicals.</subfield></datafield><datafield ind1=" " ind2="7" tag="650"><subfield code="a">Iranian Americans.</subfield><subfield code="2">fast</subfield><subfield code="0">(OCoLC)fst00978794</subfield></datafield><datafield ind1=" " ind2="7" tag="650"><subfield code="a">Iranians.</subfield><subfield code="2">fast</subfield><subfield code="0">(OCoLC)fst00978818</subfield></datafield><datafield ind1=" " ind2="7" tag="651"><subfield code="a">California</subfield><subfield code="z">Orange County.</subfield><subfield code="2">fast</subfield><subfield code="0">(OCoLC)fst01206289</subfield></datafield><datafield ind1=" " ind2="7" tag="651"><subfield code="a">Iran.</subfield><subfield code="2">fast</subfield><subfield code="0">(OCoLC)fst01204889</subfield></datafield><datafield ind1=" " ind2="7" tag="655"><subfield code="a">Newspapers.</subfield><subfield code="2">fast</subfield><subfield code="0">(OCoLC)fst01423814</subfield></datafield><datafield ind1=" " ind2="7" tag="655"><subfield code="a">Periodicals.</subfield><subfield code="2">fast</subfield><subfield code="0">(OCoLC)fst01411641</subfield></datafield><datafield ind1=" " ind2=" " tag="752"><subfield code="a">United States</subfield><subfield code="b">Virginia</subfield><subfield code="c">Loudouin</subfield><subfield code="d">Sterling.</subfield></datafield><datafield ind1=" " ind2=" " tag="752"><subfield code="a">United States</subfield><subfield code="b">California</subfield><subfield code="c">Orange</subfield><subfield code="d">Irvine.</subfield></datafield><datafield ind1="4" ind2="1" tag="856"><subfield code="3">Available issues.</subfield><subfield code="u">http://bibpurl.oclc.org/web/80765</subfield><subfield code="x">UCLA</subfield></datafield><datafield ind1="0" ind2=" " tag="880"><subfield code="6">130-01/(3/r</subfield><subfield code="a">&#1575;&#1610;&#1585;&#1575;&#1606;&#1605;&#1607;&#1585; (Sterling, Va.)</subfield></datafield><datafield ind1="1" ind2="0" tag="880"><subfield code="6">245-02/(3/r</subfield><subfield code="a">&#1575;&#1610;&#1585;&#1575;&#1606;&#1605;&#1607;&#1585;.</subfield></datafield><datafield ind1=" " ind2="1" tag="880"><subfield code="6">264-03/(3/r</subfield><subfield code="3">&lt;October 2, 2014-August 21, 2015&gt;:</subfield><subfield code="a">Sterling, VA :</subfield><subfield code="b">&#1575;&#1610;&#1585;&#1575;&#1606;&#1605;&#1607;&#1585;</subfield></datafield><datafield ind1="3" ind2="1" tag="880"><subfield code="6">264-04/(3/r</subfield><subfield code="3">&lt;July 29, 2016-&gt; :</subfield><subfield code="a">Irvine, CA :</subfield><subfield code="b">&#1575;&#1610;&#1585;&#1575;&#1606;&#1605;&#1607;&#1585;</subfield></datafield></record>